@article{Spaccapietra:2008,
	author = {Spaccapietra, Stefano and Parent, Christine and Damiani, Maria Luisa and de Macedo, Jose Antonio and Porto, Fabio and Vangenot, Christelle},
	title = {A Conceptual View on Trajectories},
	journal = {Data Knowl. Eng.},
	issue_date = {April, 2008},
	volume = {65},
	number = {1},
	month = apr,
	year = {2008},
	issn = {0169-023X},
	pages = {126--146},
	numpages = {21},
	url = {http://dx.doi.org/10.1016/j.datak.2007.10.008},
	doi = {10.1016/j.datak.2007.10.008},
	acmid = {1347785},
	publisher = {Elsevier Science Publishers B. V.},
	address = {Amsterdam, The Netherlands, The Netherlands},
	keywords = {GIS, Moving objects, Spatio-temporal databases, Trajectories},
} 

@article{scaringella2001crise,
	title={A crise da mobilidade urbana em S{\~a}o Paulo},
	author={Scaringella, Roberto Salvador},
	journal={S{\~a}o Paulo em perspectiva},
	volume={15},
	number={1},
	pages={55--59},
	year={2001},
	publisher={SciELO Brasil}
}

@misc{tomtom2016traffic,
	title = {{Tomtom Traffic Index}},
	year = {2016},
	howpublished = {\url{http://www.tomtom.com/pt_br/trafficindex/}}
}

@misc{datario,
	title = {{Portal de dados abertos da prefeitura do Rio de Janeiro}},
	year = {2016},
	howpublished = {\url{http://data.rio/}}
}

@book{zheng2011computing,
	title={Computing with spatial trajectories},
	author={Zheng, Yu and Zhou, Xiaofang},
	year={2011},
	publisher={Springer Science \& Business Media}
}

@inproceedings{tao2004spatio,
	title={Spatio-temporal aggregation using sketches},
	author={Tao, Yufei and Kollios, George and Considine, Jeffrey and Li, Feifei and Papadias, Dimitris},
	booktitle={Data Engineering, 2004. Proceedings. 20th International Conference on},
	pages={214--225},
	year={2004},
	organization={IEEE}
}

@inproceedings{papadias2002indexing,
	title={Indexing spatio-temporal data warehouses},
	author={Papadias, Dimitris and Tao, Yufei and Kanis, P and Zhang, Jun},
	booktitle={Data Engineering, 2002. Proceedings. 18th International Conference on},
	pages={166--175},
	year={2002},
	organization={IEEE}
}

@inproceedings{andrienko2008spatio,
	title={Spatio-temporal aggregation for visual analysis of movements},
	author={Andrienko, Gennady and Andrienko, Natalia},
	booktitle={Visual Analytics Science and Technology, 2008. VAST'08. IEEE Symposium on},
	pages={51--58},
	year={2008},
	organization={IEEE}
}

@article{chen2015survey,
	title={A survey of traffic data visualization},
	author={Chen, Wei and Guo, Fangzhou and Wang, Fei-Yue},
	journal={Intelligent Transportation Systems, IEEE Transactions on},
	volume={16},
	number={6},
	pages={2970--2984},
	year={2015},
	publisher={IEEE}
}

@article{ferreira2013visual,
	title={Visual exploration of big spatio-temporal urban data: A study of new york city taxi trips},
	author={Ferreira, Nuno and Poco, Jorge and Vo, Huy T and Freire, Juliana and Silva, Cl{\'a}udio T},
	journal={Visualization and Computer Graphics, IEEE Transactions on},
	volume={19},
	number={12},
	pages={2149--2158},
	year={2013},
	publisher={IEEE}
}

@book{cressie2015statistics,
	title={Statistics for spatio-temporal data},
	author={Cressie, Noel and Wikle, Christopher K},
	year={2015},
	publisher={John Wiley \& Sons}
}

@article{esling2012time,
	title={Time-series data mining},
	author={Esling, Philippe and Agon, Carlos},
	journal={ACM Computing Surveys (CSUR)},
	volume={45},
	number={1},
	pages={12},
	year={2012},
	publisher={ACM}
}

@inproceedings{vahdatpour2009toward,
	title={Toward Unsupervised Activity Discovery Using Multi-Dimensional Motif Detection in Time Series.},
	author={Vahdatpour, Alireza and Amini, Navid and Sarrafzadeh, Majid},
	booktitle={IJCAI},
	volume={9},
	pages={1261--1266},
	year={2009}
}

@inproceedings{borah2004improved,
	title={An improved sampling-based DBSCAN for large spatial databases},
	author={Borah, B and Bhattacharyya, DK},
	booktitle={Intelligent Sensing and Information Processing, 2004. Proceedings of International Conference on},
	pages={92--96},
	year={2004},
	organization={IEEE}
}

@article{adrienko2011spatial,
	title={Spatial generalization and aggregation of massive movement data},
	author={Adrienko, Natalia and Adrienko, Gennady},
	journal={IEEE Transactions on visualization and computer graphics},
	volume={17},
	number={2},
	pages={205--219},
	year={2011},
	publisher={IEEE}
}

@article{schneider2013unravelling,
	title={Unravelling daily human mobility motifs},
	author={Schneider, Christian M and Belik, Vitaly and Couronn{\'e}, Thomas and Smoreda, Zbigniew and Gonz{\'a}lez, Marta C},
	journal={Journal of The Royal Society Interface},
	volume={10},
	number={84},
	pages={20130246},
	year={2013},
	publisher={The Royal Society}
}

@article{cassisi2013motif,
	title={Motif discovery on seismic amplitude time series: The case study of mt etna 2011 eruptive activity},
	author={Cassisi, Carmelo and Aliotta, Marco and Cannata, Andrea and Montalto, Placido and Patan{\`e}, Domenico and Pulvirenti, Alfredo and Spampinato, Letizia},
	journal={Pure and Applied Geophysics},
	volume={170},
	number={4},
	pages={529--545},
	year={2013},
	publisher={Springer}
}

@inproceedings{chi2012face,
	title={Face image recognition based on time series motif discovery},
	author={Chi, Lianhua and Feng, Yucai and Chi, Hehua and Huang, Ying},
	booktitle={Granular Computing (GrC), 2012 IEEE International Conference on},
	pages={72--77},
	year={2012},
	organization={IEEE}
}

@inproceedings{jiang2008finding,
	title={Finding motifs of financial data streams in real time},
	author={Jiang, Tao and Feng, Yucai and Zhang, Bin and Shi, Jie and Wang, Yuanzhen},
	booktitle={International Symposium on Intelligence Computation and Applications},
	pages={546--555},
	year={2008},
	organization={Springer}
}

@inproceedings{li2009probabilistic,
	title={Probabilistic discovery of motifs in water level},
	author={Li, Longzhuang and Nallela, Sreekrishna},
	booktitle={Information Reuse \& Integration, 2009. IRI'09. IEEE International Conference on},
	pages={388--393},
	year={2009},
	organization={IEEE}
}

@article{wang2016effective,
	title={An effective multivariate time series classification approach using echo state network and adaptive differential evolution algorithm},
	author={Wang, Lin and Wang, Zhigang and Liu, Shan},
	journal={Expert Systems with Applications},
	volume={43},
	pages={237--249},
	year={2016},
	publisher={Elsevier}
}

@incollection{Frank:2003,
	title={Ontology for spatio-temporal databases},
	author={Frank, Andrew U},
	booktitle={Spatio-Temporal Databases},
	pages={9--77},
	year={2003},
	publisher={Springer}
}